% -----------------------------------------------------------------------------
% High-order
% -----------------------------------------------------------------------------

@article{brown2010efficient,
  title = {Efficient Nonlinear Solvers for Nodal High-Order Finite Elements in 3{D}},
  author = {Brown, Jed},
  year = {2010},
  month = {10},
  pages = {48-63},
  volume = {45},
  journal = {Journal of Scientific Computing},
  doi = {10.1007/s10915-010-9396-8}
}

@article{knoll2004jacobian,
  title = "Jacobian-free {Newton--Krylov} methods: a survey of approaches and applications",
  author = {
    Knoll, Dana A and
    Keyes, David E
  },
  journal = {Journal of Computational Physics},
  volume = {193},
  number = {2},
  pages = {357--397},
  year = {2004},
  publisher = {Elsevier},
  doi = {10.1016/j.jcp.2003.08.010}
}

@article{demkowicz1989toward,
  title = {Toward a universal $h-p$ adaptive finite element strategy, {P}art 1. Constrained approximation and data structure},
  author = {
    Demkowicz, Leszek and
    Oden, J Tinsely and
    Rachowicz, Waldemar and
    Hardy, O
  },
  journal = {Computer Methods in Applied Mechanics and Engineering},
  volume = {77},
  number = {1-2},
  pages = {79--112},
  year = {1989},
  publisher = {Elsevier},
  doi = {10.1016/0045-7825(89)90129-1}
}

@article{oden1989toward,
  title = {Toward a universal $h-p$ adaptive finite element strategy, {P}art 2. A posteriori error estimation},
  author = {
    Oden, J Tinsley and
    Demkowicz, L and
    Rachowicz, W and
    Westermann, TA
  },
  journal = {Computer methods in applied mechanics and engineering},
  volume = {77},
  number = {1-2},
  pages = {113--180},
  year = {1989},
  publisher = {Elsevier},
  doi = {10.1016/0045-7825(89)90130-8}
}

@article{rachowicz1989toward,
  title = {Toward a universal $h-p$ adaptive finite element strategy part 3. design of $h-p$ meshes},
  author = {
    Rachowicz, W and
    Oden, J Tinsley and
    Demkowicz, L
  },
  journal = {Computer Methods in Applied Mechanics and Engineering},
  volume = {77},
  number = {1-2},
  pages = {181--212},
  year = {1989},
  publisher = {Elsevier},
  doi = {10.1016/0045-7825(89)90131-X}
}

% -----------------------------------------------------------------------------
% CEED
% -----------------------------------------------------------------------------

@article{fischer2020scalability,
  title = {Scalability of High-Performance {PDE} Solvers},
  author = {
    Fischer, Paul and
    Min, Misun and
    Rathnayake, Thilina and
    Dutta, Som and
    Kolev, Tzanio and
    Dobrev, Veselin and
    Camier, Jean-Sylvain and
    Kronbichler, Martin and
    Warburton, Tim and
    Swirydowicz, Kasia and
    Brown, Jed
  },
  doi = {10.1177/1094342020915762},
  journal = {International Journal of High Performance Computing Applications},
  number = 5,
  volume = 34,
  year = {2020},
  month = {6}
}

@article{libceed-joss,
  author = {
    Brown, Jed and
    Abdelfattah, Ahmad and
    Barra, Valeria and
    Beams, Natalie and
    Camier, Jean Sylvain and
    Dobrev, Veselin and
    Dudouit, Yohann and
    Ghaffari, Leila and
    Kolev, Tzanio and
    Medina, David and
    Pazner, Will and
    Ratnayaka, Thilina and
    Thompson, Jeremy L and
    Tomov, Stanimire
  },
  doi = {10.21105/joss.02945},
  journal = {Journal of Open Source Software},
  pages = {1945},
  title = {{libCEED: Fast algebra for high-order element-based discretizations}},
  volume = {6},
  year = {2021}
}

@misc{ratel-preprint,
  doi = {10.48550/ARXIV.2204.01722},
  url = {https://arxiv.org/abs/2204.01722},
  author = {
    Brown, Jed and
    Barra, Valeria and
    Beams, Natalie and
    Ghaffari, Leila and
    Knepley, Matthew and
    Moses, William and
    Shakeri, Rezgar and
    Stengel, Karen and
    Thompson, Jeremy L. and
    Zhang, Junchao
  },
  keywords = {Mathematical Software (cs.MS), Computational Engineering, Finance, and Science (cs.CE), Distributed, Parallel, and Cluster Computing (cs.DC), Numerical Analysis (math.NA), FOS: Computer and information sciences, FOS: Computer and information sciences, FOS: Mathematics, FOS: Mathematics, G.1.8; G.1.5; G.1.10; G.4; J.2; J.6; D.1.3},
  title = {Performance Portable Solid Mechanics via Matrix-Free $p$-Multigrid},
  publisher = {arXiv},
  year = {2022},
  copyright = {Creative Commons Attribution 4.0 International}
}


% -----------------------------------------------------------------------------
% Multigrid
% -----------------------------------------------------------------------------

@incollection{brandt1982guide,
  title = {Guide to multigrid development},
  author = {Brandt, Achi},
  booktitle = {Multigrid methods},
  pages = {220--312},
  year = {1982},
  publisher = {Springer}
}

@book{briggs2000multigrid,
  title = {A multigrid tutorial},
  author = {
    Briggs, William L and
    Henson, Van Emden and
    McCormick, Steve F
  },
  year = {2000},
  publisher = {SIAM}
}

@article{davydov2019matrix,
  title = {A matrix-free approach for finite-strain hyperelastic problems using geometric multigrid},
  author = {
    Davydov, Denis and
    Pelteret, Jean-Paul and
    Arndt, Daniel and
    Kronbichler, Martin and
    Steinmann, Paul
  },
  journal = {International Journal for Numerical Methods in Engineering},
  year = {2020},
  keywords = {adaptive finite-element method, finite-strain, geometric multigrid, hyperelasticity, matrix-free},
  doi = {10.1002/nme.6336}
}

@incollection{stuben1982multigrid,
  title = {Multigrid methods: Fundamental algorithms, model problem analysis and applications},
  author = {
    St{\"u}ben, Klaus and
    Trottenberg, Ulrich
  },
  booktitle = {Multigrid methods},
  pages = {1--176},
  year = {1982},
  publisher = {Springer}
}

% -----------------------------------------------------------------------------
% P-multigrid
% -----------------------------------------------------------------------------

@article{ronquist1987spectral,
  title = "Spectral element multigrid. {I}. Formulation and numerical results",
  author = {
    R{\o}nquist, Einar M and
    Patera, Anthony T
  },
  journal = {Journal of Scientific Computing},
  volume = {2},
  number = {4},
  pages = {389--406},
  year = {1987},
  publisher = {Springer}
}

% -----------------------------------------------------------------------------
% LFA
% -----------------------------------------------------------------------------

@article{brandt1977multi,
  title = {Multi-level adaptive solutions to boundary-value problems},
  author = {Brandt, Achi},
  journal = {Mathematics of Computation},
  volume = {31},
  number = {138},
  pages = {333--390},
  year = {1977}
}

@article {brown2021tuning,
  title = {Tuning multigrid methods with robust optimization and local {F}ourier analysis},
  author = {
    Jed Brown and
    Yunhui He and
    Scott MacLachlan and
    Matt Menickelly and
    Stefan M. Wild
  },
  journal = {SIAM Journal of Scientific Computing},
  volume = {43},
  year = {2021},
  pages = {A109-A138},
  doi = {10.1137/19M1308669}
}

@article{brown2019local,
  title = {Local {F}ourier Analysis of Balancing Domain Decomposition By Constraints Algorithms},
  author = {
    Brown, Jed and
    He, Yunhui and
    MacLachlan, Scott
  },
  journal = {SIAM Journal on Scientific Computing},
  volume = {41},
  number = {5},
  pages = {S346--S369},
  year = {2019},
  publisher = {SIAM},
  doi = {10.1137/18M1191373}
}

@article{he2020two,
  title = {Two-level {F}ourier analysis of multigrid for higher-order finite-element discretizations of the {L}aplacian},
  author = {
    He, Yunhui and
    MacLachlan, Scott
  },
  journal = {Numerical Linear Algebra with Applications},
  volume = {27},
  number = {3},
  pages = {e2285},
  year = {2020},
  publisher = {Wiley Online Library},
  doi = {10.1002/nla.2285}
}

@book{wienands2004practical,
  title = {Practical {F}ourier analysis for multigrid methods},
  author = {
    Wienands, Roman and
    Joppich, Wolfgang
  },
  year = {2004},
  publisher = {CRC press}
}

@article{kumar2019local,
  title = {On local {F}ourier analysis of multigrid methods for {PDE}s with jumping and random coefficients},
  author = {
    Kumar, Prashant and
    Rodrigo, Carmen and
    Gaspar, Francisco J and
    Oosterlee, Cornelis W
  },
  journal = {SIAM Journal on Scientific Computing},
  volume = {41},
  number = {3},
  pages = {A1385--A1413},
  year = {2019},
  publisher = {SIAM},
  doi = {10.1137/18M1173769}
}

@article{kahl2020automated,
  title = {Automated local {F}ourier analysis (a{LFA})},
  author = {
    Kahl, Karsten and
    Kintscher, Nils
  },
  journal = {BIT Numerical Mathematics},
  volume = {60},
  number = {3},
  pages = {651--686},
  year = {2020},
  publisher = {Springer},
  doi = {10.1007/s10543-019-00797-w}
}

@article{van2011discrete,
  title = {Discrete {F}ourier analysis of multigrid algorithms},
  author = {
    van der Vegt, Jacobus JW and
    Rhebergen, Sander
  },
  journal = {Memorandum Department of Applied Mathematics, University of Twente, Enschede, The Netherlands},
  year = {2011}
}

@article{rodrigo2019validity,
  title = {On the Validity of the Local {F}ourier Analysis},
  author = {
    Rodrigo, Carmen and
    Gaspar, Francisco J and
    Zikatanov, Ludmil T
  },
  journal = {Journal of Computational Mathematics},
  volume = {37},
  number = {3},
  pages = {340--348},
  year = {2019},
  doi = {10.4208/jcm.1803-m2017-0294}
}

@book {MR1807961,
  title = {Multigrid},
  author = {
    Trottenberg, U. and
    Oosterlee, C. W. and
    Sch\"{u}ller, A.
  },
  note = {With contributions by A. Brandt, P. Oswald and K. St\"{u}ben},
  publisher = {Academic Press, Inc., San Diego, CA},
  year = {2001},
  pages = {xvi+631},
  isbn = {0-12-701070-X},
  mrclass = {65-02 (65F10 65M55 65N22 65N55)},
  mrnumber = {1807961},
  mrreviewer = {Dietrich Braess},
}
@phdthesis{rittich2018extending,
  title = {Extending and automating {F}ourier analysis for multigrid methods},
  author = {Rittich, Hannah},
  year = {2018},
  school = {Universit{\"a}t Wuppertal, Fakult{\"a}t f{\"u}r Mathematik und Naturwissenschaften}
}
% -----------------------------------------------------------------------------
% Smoothers
% -----------------------------------------------------------------------------

@article{brannick2015polynomial,
  title = {Local {F}ourier Analysis of Multigrid Methods with Polynomial Smoothers and Aggressive Coarsening},
  volume = {8},
  DOI = {10.4208/nmtma.2015.w01si},
  number = {1},
  journal = {Numerical Mathematics: Theory, Methods and Applications},
  publisher = {Cambridge University Press},
  author = {
    Brannick, James and
    Hu, Xiaozhe and
    Rodrigo, Carmen and
    Zikatanov, Ludmil
  },
  year = {2015},
  pages = {1–21}
}

@article{gutknecht2002revisited,
  title = {The {C}hebyshev iteration revisited},
  author = {
    Gutknecht, Martin H. and
    Röllin, Stefan
  },
  journal = {Parallel Computing},
  volume = {28},
  number = {2},
  pages = {263-283},
  year = {2002},
  issn = {0167-8191},
  doi = {10.1016/S0167-8191(01)00139-9},
}

@article{adams2003parallel,
  title = "Parallel multigrid smoothing: polynomial versus {Gauss-Seidel}",
  author = {
    Adams, Mark and
    Brezina, Marian and
    Hu, Jonathan and
    Tuminaro, Ray
  },
  journal = {Journal of Computational Physics},
  volume = {188},
  number = {2},
  pages = {593--610},
  year = {2003},
  publisher = {Elsevier},
  doi = {10.1016/S0021-9991(03)00194-3}
}

% -----------------------------------------------------------------------------
% Software
% -----------------------------------------------------------------------------

@misc{thompson2021toolkit,
  author = {Thompson, Jeremy L.},
  title = {{L}{F}{A}{T}oolkit},
  year = {2021},
  publisher = {GitHub},
  journal = {GitHub repository},
  howpublished = {\url{https://github.com/jeremylt/LFAToolkit.jl}},
  commit = {34a49568e3c4fe6949c62e743077e2d9ab1666f7}
}

@TechReport{petsc-user-ref,
  author = {
    Satish Balay and
    Shrirang Abhyankar and
    Mark~F. Adams and
    Jed Brown and
    Peter Brune and
    Kris Buschelman and
    Lisandro Dalcin and
    Alp Dener and
    Victor Eijkhout and
    William~D. Gropp and
    Dmitry Karpeyev and
    Dinesh Kaushik and
    Matthew~G. Knepley and
    Dave~A. May and
    Lois Curfman McInnes and
    Richard Tran Mills and
    Todd Munson and
    Karl Rupp and
    Patrick Sanan and
    Barry~F. Smith and
    Stefano Zampini and
    Hong Zhang and
    Hong Zhang
  },
  title  = {{PETS}c Users Manual},
  institution = {Argonne National Laboratory},
  year   = 2021,
  number = {ANL-95/11 - Revision 3.15},
  url    = {https://www.mcs.anl.gov/petsc}
}

% -----------------------------------------------------------------------------
% Elasticity
% -----------------------------------------------------------------------------

@book{hughes2012finite,
  title = {The finite element method: linear static and dynamic finite element analysis},
  author = {Hughes, Thomas JR},
  year = {2012},
  publisher = {Courier Corporation},
  isbn = {978-0-486-41181-1}
}

% -----------------------------------------------------------------------------

@book{deville2002highorder,
  title = {High-order methods for incompressible fluid flow},
  author = {Deville, Michel O and Fischer, Paul F and Mund, Ernest H},
  year = {2002},
  publisher = {Cambridge University Press},
  isbn = {0-521-45309-7}
}

@article{kronbichler2019multigrid,
  title = {Multigrid for matrix-free high-order finite element computations on graphics processors},
  author = {Kronbichler, Martin and Ljungkvist, Karl},
  journal = {ACM Transactions on Parallel Computing (TOPC)},
  volume = {6},
  number = {1},
  pages = {1--32},
  year = {2019},
  publisher = {ACM New York, NY, USA},
  doi = {10.1145/3322813}
}

@article{maclachlan2011overlapping,
  author = {MacLachlan, Scott P. and Oosterlee, C. W.},
  title = {Local {Fourier} analysis for multigrid with overlapping smoothers applied to systems of {PDEs}},
  journal = {Numerical Linear Algebra with Applications},
  volume = {18},
  number = {4},
  pages = {751-774},
  keywords = {multigrid, finite-element discretizations, local Fourier analysis},
  doi = {10.1002/nla.762},
  year = {2011}
}
