@article{brandt1977,
  title   = {Multi-level adaptive solutions to boundary-value problems},
  author  = {Brandt, Achi},
  journal = {Mathematics of computation},
  volume  = {31},
  number  = {138},
  pages   = {333--390},
  year    = {1977}
}

@article{brooks1982,
  title     = {Streamline upwind/Petrov-Galerkin formulations for convection dominated flows with particular emphasis on the incompressible Navier-Stokes equations},
  author    = {
    Brooks, Alexander N and
    Hughes, Thomas JR
  },
  journal   = {Computer methods in applied mechanics and engineering},
  volume    = {32},
  number    = {1-3},
  pages     = {199--259},
  year      = {1982},
  publisher = {Elsevier}
}

@article{brown2010,
  title     = {Efficient nonlinear solvers for nodal high-order finite elements in 3D},
  author    = {Brown, Jed},
  journal   = {Journal of Scientific Computing},
  volume    = {45},
  number    = {1},
  pages     = {48--63},
  year      = {2010},
  publisher = {Springer}
}

@article{gutknecht2002,
  title     = {The Chebyshev iteration revisited},
  author    = {
    Gutknecht, Martin H and
    RÃ¶llin, Stefan
  },
  journal   = {Parallel Computing},
  volume    = {28},
  number    = {2},
  pages     = {263--283},
  year      = {2002},
  publisher = {Elsevier}
}

@article{hale2008,
  title     = {New quadrature formulas from conformal maps},
  author    = {
    Hale, Nicholas and
    Trefethen, Lloyd N
  },
  journal   = {SIAM Journal on Numerical Analysis},
  volume    = {46},
  number    = {2},
  pages     = {930--948},
  year      = {2008},
  publisher = {SIAM}
}

@article{hughes1979,
  title     = {A multidimentional upwind scheme with no crosswind diffusion},
  author    = {Hughes, Thomas JR},
  journal   = {Finite element methods for convection dominated flows},
  volume    = {AMD 34},
  pages     = {19--35},
  year      = {1979},
  publisher = {ASME.}
}

@article{melvin2012,
  title   = {Dispersion analysis of the spectral element method},
  author  = {
    Melvin, Thomas and
    Staniforth, Andrew and
    Thuburn, John
  },
  journal = {Quarterly Journal of the Royal Meteorological Society},
  volume  = {138},
  number  = {668},
  pages   = {1934--1947},
  year    = {2012},
}

@article{whiting2003,
  title     = {Hierarchical basis for stabilized finite element methods for compressible flows},
  author    = {
    Whiting, Christian H and
    Jansen, Kenneth E and
    Dey, Saikat
  },
  journal   = {Computer methods in applied mechanics and engineering},
  volume    = {192},
  number    = {47-48},
  pages     = {5167--5185},
  year      = {2003},
  publisher = {Elsevier}
}
